@misc{tencent,
   Author = {Tencent腾讯},
   Title = {腾讯控股有限公司（股票代号700）2018年报},
   Publisher = {香港交易所},
   Year = {2018} }

@misc{mimeng,
  Author = {华尔街见闻},
  Title = {咪蒙彻底没了},
  Publisher = {百家号},
  howpublished = {\url{http://t.cn/EiW2QQO}},
  Year = {2019} }
